@online{kottwitz2015,
    title    = {Example: a {Venn} diagram with {PDF} blending},
    author   = {Stefan Kottwitz},
    year     = {2015},
    url      = {https://texample.net/tikz/examples/venn/},
    urldate  = {2024-08-16},
    language = {english},
}

@article{einstein1905,
    title    = {{Zur Elektrodynamik bewegter K{\"o}rper}},
    author   = {Albert Einstein},
    journal  = {Annalen der Physik},
    volume   = {322},
    number   = {10},
    pages    = {891--921},
    year     = {1905},
    DOI      = {10.1002/andp.19053221004},
    language = {German},
    note     = {Translation: ``{On} the Electrodynamics of Moving Bodies''},
}

@report{head1958a,
    title       = {Entrainment in the Turbulent Boundary Layer},
    author      = {Head, M. R.},
    type        = {ARC Reports and Memoranda},
    number      = {3152},
    month       = sep,
    year        = {1958},
    institution = {Ministry of Aviation, Aeronautical Research Council},
    language    = {english},
}

@techreport{wieghardt1951,
    title       = {On the Turbulent Friction Layer for Rising Pressure},
    author      = {Wieghardt, K. and Tillmann, W.},
    type        = {{NACA} Technical Memorandum},
    number      = {1314},
    institution = {National Advisory Committee for Aeronautics},
    month       = oct,
    year        = {1951},
    language    = {english},
}

@book{dirac1981,
    title     = {The Principles of Quantum Mechanics},
    author    = {Paul Adrien Maurice Dirac},
    series    = {International Series of Monographs on Physics},
    year      = {1981},
    publisher = {Clarendon Press},
    isbn      = {9780198520115},
    language  = {english},
}

@online{cpthesis_github,
    title    = {Cal Poly Thesis Template},
    author   = {Andrew Guenther and David D. Marshall and Cory Ford and Alex Kost and Andrew Wang},
    date     = {2024},
    url      = {https://github.com/CalPolyCSC/thesis-template},
    urldate  = {2024-08-16},
    language = {english},
}

@inbook{dryden1943a,
    title     = {Aerodynamics of Cooling},
    booktitle = {Aerodynamic Theory: A General Review of Progress},
    author    = {Dryden, Hugh L.},
    editor    = {Durand, William Frederick},
    date      = {1943},
    volume    = {6},
    chapter   = {T},
    publisher = {Springer},
    language  = {english},
}

@inproceedings{drela1986a,
    title     = {Viscous-Inviscid Analysis of Transonic and Low {{Reynolds}} Number Airfoils},
    booktitle = {4{\textsuperscript{th}} {{Applied Aerodynamics Conference}}},
    author    = {Drela, Mark and Giles, Michael B.},
    date      = {1986-06},
    publisher = {{American Institute of Aeronautics and Astronautics}},
    location  = {San Diego, CA},
    doi       = {10.2514/6.1986-1786},
    language  = {english},
    note      = {AIAA 1986-1786},
}

@article{Koutsovasilis2008,
    title     = {Comparison of model reduction techniques for large mechanical systems},
    author    = {Koutsovasilis, P. and Beitelschmidt, M.},
    year      = {2008},
    journal   = {Multibody System Dynamics},
    volume    = {20},
    number    = {2},
    pages     = {111-128},
    publisher = {Springer Netherlands},
    doi       = {10.1007/s11044-008-9116-4},
    issn      = {1384-5640},
    language  = {english},
}

@inproceedings{lopez2007a,
    title     = {Evaluation of {{IEEE}} 754 Floating-Point Arithmetic Compliance across a Wide Range of Heterogeneous Computers},
    booktitle = {Proceedings of the 2007 Conference on Diversity in Computing -- {{TAPIA}} '07},
    author    = {Lopez, Guillermo A. and Taufer, Michela and Teller, Patricia J.},
    date      = {2007},
    pages     = {1},
    publisher = {ACM Press},
    doi       = {10.1145/1347787.1347793},
    isbn      = {978-1-59593-866-4},
    language  = {english},
}
